<?xml version="1.0" encoding="UTF-8"?><collection><record><leader>06050ntm a2200589 a 4500</leader><controlfield tag="001">006806247</controlfield><controlfield tag="003">MiAaHDL</controlfield><controlfield tag="005">20190719000000.0</controlfield><controlfield tag="006">m        d        </controlfield><controlfield tag="007">cr bn ---auaua</controlfield><controlfield tag="008">090602s1730    xx            00| ||ara d</controlfield><datafield tag="035" ind1=" " ind2=" "><subfield code="a">(MiU)006806247</subfield></datafield><datafield tag="035" ind1=" " ind2=" "><subfield code="a">sdr-miu006806247</subfield></datafield><datafield tag="040" ind1=" " ind2=" "><subfield code="a">MiU</subfield><subfield code="c">MiU</subfield><subfield code="e">amremm</subfield></datafield><datafield tag="043" ind1=" " ind2=" "><subfield code="a">n-us-mi</subfield></datafield><datafield tag="100" ind1="1" ind2=" "><subfield code="6">880-01</subfield><subfield code="a">Anṣārī, Zakarīyā ibn Muḥammad,</subfield><subfield code="d">approximately 1423-approximately 1520.</subfield></datafield><datafield tag="245" ind1="1" ind2="3"><subfield code="6">880-03</subfield><subfield code="a">al-Maqṣid li-talkhīṣ mā fī al-Murshid,</subfield><subfield code="f">[1142, i.e., 1730].</subfield></datafield><datafield tag="246" ind1="3" ind2=" "><subfield code="i">Title from GAL:</subfield><subfield code="a">Maqṣad li-talkhīṣ mā fī al-Murshid</subfield></datafield><datafield tag="246" ind1="3" ind2=" "><subfield code="i">Title from inscription on 'title page' (p.1):</subfield><subfield code="a">مختصر المرشد في الوقف والابتدا</subfield></datafield><datafield tag="246" ind1="3" ind2=" "><subfield code="i">Title from inscription on front flyleaf:</subfield><subfield code="a">مقصد لتلخيص</subfield></datafield><datafield tag="246" ind1="3" ind2=" "><subfield code="i">Edge title (tail):</subfield><subfield code="a">مختصر المرشد في الوقف والابتدا</subfield></datafield><datafield tag="260" ind1=" " ind2=" "><subfield code="c">[1730].</subfield></datafield><datafield tag="300" ind1=" " ind2=" "><subfield code="a">192 leaves :</subfield><subfield code="b">paper ;</subfield><subfield code="c">163 x 115 (115 x 59) mm.</subfield></datafield><datafield tag="500" ind1=" " ind2=" "><subfield code="a">Shelfmark: Ann Arbor, University of Michigan, Special Collections Library, Isl. Ms. 476</subfield></datafield><datafield tag="500" ind1=" " ind2=" "><subfield code="a">Origin: As appears in colophon on p.382, copied by Muḥammad ibn ʻAlī al-Zardanāwī [?] with transcription completed 11 Rajab 1142 [ca. 30 January 1730].</subfield></datafield><datafield tag="500" ind1=" " ind2=" "><subfield code="a">Accompanying materials: a. Acquisitions slip from Yahuda -- b. Inventory cataloguing slip in hand of Winifred Smeaton Thomas.</subfield></datafield><datafield tag="500" ind1=" " ind2=" "><subfield code="a">Former shelfmark: From inner front cover, "IL 360" (likely supplied by Yahuda, see acquisitions slip).</subfield></datafield><datafield tag="500" ind1=" " ind2=" "><subfield code="a">Binding: Pasteboards covered in very dark brown to black leather ; Type II binding (with flap) ; board linings in yellow-tinted laid paper ; upper and lower covers carry blind-stamped lozenge-shaped pendant (filled with symmetrical vegetal composition, compare Déroche class. OSh 1) along with tooled rule border ; sewn in cream thread, four stations ; worked endbands in cream, headband in good condition, tailband gone ; overall in somewhat poor condition with upper cover fully detached, lifting and losses of leather at fore edge flap, abrasion, staining, some negative draw in upper cover, minor delamination of board in fore edge flap, etc. ; housed in box for protection.</subfield></datafield><datafield tag="500" ind1=" " ind2=" "><subfield code="a">Support: European laid paper with 10 laid lines per cm., chain lines spaced 19 mm. apart, and cartouche with "A D [?]" above grapes (raisin) watermark (see p.10, 11, 30, 31, etc.) ; quite well-burnished to glossy, crisp, thin and transluscent though sturdy ; some ink burn.</subfield></datafield><datafield tag="500" ind1=" " ind2=" "><subfield code="a">Decoration: Keywords and section headings rubricated.</subfield></datafield><datafield tag="500" ind1=" " ind2=" "><subfield code="a">Script: Naskh ; clear, medium 'Syrian' or Turkish [?] hand ; seriffed with right-sloping head-serifs on most ascenders (including free-standing alif), slight effect of tilt to the left, rounded with curvilinear descenders, pointing in strokes rather than distinct dots.</subfield></datafield><datafield tag="500" ind1=" " ind2=" "><subfield code="a">Layout: Written in 15 lines per page.</subfield></datafield><datafield tag="500" ind1=" " ind2=" "><subfield code="a">Collation: i, 19 V(190), I (192) ; almost exclusively quinions ; final leaf left blank ; catchwords present ; pagination in pencil, Western numerals, supplied during digitization.</subfield></datafield><datafield tag="500" ind1=" " ind2=" "><subfield code="a">Colophon: "Scribal," triangular, reads "وكان الفراغ منه صبحية يوم الاثنين في اا عشر يوما حلول من رجب سنه ۱۱۴۲ وذلك على يد محمد ابن علي الزردناوي [؟] اللهم اغفر له ولوالديه ولمشايخه ولاخوانه في الله تعالى ولكل المسلمين اجمعين امين امين امين"</subfield></datafield><datafield tag="500" ind1=" " ind2=" "><subfield code="a">Explicit: "قاله ابو عمرو ولم يزد الاصل في سورتي الفلق والناس على قوله وليس في الفلق والناس وقف حسن نعتمده تم الكتاب بعون الله وحسن توفيقه"</subfield></datafield><datafield tag="500" ind1=" " ind2=" "><subfield code="a">Incipit: "قال عمدة المحققين زين الملة والدين ابو يحيى زكريا الانصاري الشافعي ... الحمد لله على آلائه والصلاة والسلام على سيدنا محمد واله واصفيائه وبعد فهذا مختصر المرشد في الوقف والابتداء الذي الفه العلامة ابو محمد الحسن بن علي بن سعيد العماني رحمه الله تعالى وقد التزم ان يورد فيه جميع ما اورده اهل هذا الفن ... وسميته المقصد لتلخيص ما في المرشد ..."</subfield></datafield><datafield tag="500" ind1=" " ind2=" "><subfield code="a">Title from opening matter (preface) on p.2.</subfield></datafield><datafield tag="500" ind1=" " ind2=" "><subfield code="a">Ms. codex.</subfield></datafield><datafield tag="510" ind1="4" ind2=" "><subfield code="a">Brockelmann, C. GAL,</subfield><subfield code="c">II 99 (no. 2)</subfield></datafield><datafield tag="520" ind1="8" ind2=" "><subfield code="a">Fine copy of the abridgment by Abū Yaḥyá Zakarīyā ibn Muḥammad al-Anṣārī of al-Murshid fī al-waqf wa-al-ibtidāʼ, a work on recitation of the Qurʼān (specifically al-waqf wa-al-ibtidāʼ, i.e. sectioning or phrasing with pauses and starts) by Abū Muḥammad al-Ḥasan ibn Alī ibn Saʻīd al-ʻUmānī.</subfield></datafield><datafield tag="538" ind1=" " ind2=" "><subfield code="a">Mode of access: Internet.</subfield></datafield><datafield tag="541" ind1=" " ind2=" "><subfield code="a">Acquired in 1926 from the bookseller Isaac Benjamin S.E. Yahuda via purchase transacted on his behalf by Abraham Shalom Yahuda (1877-1951), his younger brother.</subfield></datafield><datafield tag="546" ind1=" " ind2=" "><subfield code="a">Arabic.</subfield></datafield><datafield tag="561" ind1=" " ind2=" "><subfield code="a">Possible former inventory mark "٥٩" on tail edge and 'title page' (p.1) ; inscription vaguely reminiscent of the seal of Solomon inscription (with greatest name of God / al-Ism al-Aʻẓam) on 'title page' (p.1) ; fairly clean copy.</subfield></datafield><datafield tag="600" ind1="1" ind2="0"><subfield code="a">ʻUmānī, al-Ḥasan ibn ʻAlī,</subfield><subfield code="d">11th/12th cent.</subfield><subfield code="t">Murshid fī al-waqf wa-al-ibtidāʼ.</subfield></datafield><datafield tag="630" ind1="0" ind2="0"><subfield code="a">Qurʼan</subfield><subfield code="x">Recitation</subfield><subfield code="v">Early works to 1800.</subfield></datafield><datafield tag="650" ind1=" " ind2="0"><subfield code="a">Manuscripts, Arabic</subfield><subfield code="z">Michigan</subfield><subfield code="z">Ann Arbor.</subfield></datafield><datafield tag="700" ind1="0" ind2=" "><subfield code="6">880-05</subfield><subfield code="a">Muḥammad ibn ʻAlī al-Zardanāwī,</subfield><subfield code="d">fl. 1730,</subfield><subfield code="e">scribe.</subfield></datafield><datafield tag="773" ind1="0" ind2=" "><subfield code="a">Yahuda Collection.</subfield></datafield><datafield tag="880" ind1="0" ind2=" "><subfield code="6">700-05/</subfield><subfield code="a">محمد بن علي الزردناوي،</subfield><subfield code="e">ناسخ.</subfield></datafield><datafield tag="880" ind1="1" ind2="2"><subfield code="6">245-03/</subfield><subfield code="a">المقصد لتلخيص ما في المرشد,</subfield><subfield code="f">[1142ه، 1730م].</subfield></datafield><datafield tag="880" ind1="1" ind2=" "><subfield code="6">100-01/</subfield><subfield code="a">انصاري، زكريا بن محمد.</subfield></datafield><datafield tag="CID" ind1=" " ind2=" "><subfield code="a">006806247</subfield></datafield><datafield tag="DAT" ind1="0" ind2=" "><subfield code="a">20190719102637.0</subfield><subfield code="b">20190719000000.0</subfield></datafield><datafield tag="DAT" ind1="1" ind2=" "><subfield code="a">20190719090653.0</subfield><subfield code="b">2019-07-19T16:11:42Z</subfield></datafield><datafield tag="DAT" ind1="2" ind2=" "><subfield code="a">2015-10-02T18:00:03Z</subfield></datafield><datafield tag="CAT" ind1=" " ind2=" "><subfield code="a">SDR-MIU</subfield><subfield code="d">EX LIBRIS - ALEPH</subfield><subfield code="l">prepare.pl-004-008</subfield></datafield><datafield tag="FMT" ind1=" " ind2=" "><subfield code="a">BK</subfield></datafield><datafield tag="HOL" ind1=" " ind2=" "><subfield code="0">sdr-miu006806247</subfield><subfield code="a">MiU</subfield><subfield code="b">SDR</subfield><subfield code="c">MIU</subfield><subfield code="p">mdp.39015079127828</subfield><subfield code="s">MIU</subfield><subfield code="1">006806247</subfield></datafield><datafield tag="974" ind1=" " ind2=" "><subfield code="b">MIU</subfield><subfield code="c">MIU</subfield><subfield code="d">20190719</subfield><subfield code="s">lit-dlps-dc</subfield><subfield code="u">mdp.39015079127828</subfield><subfield code="y">1730</subfield><subfield code="r">pd</subfield><subfield code="q">bib</subfield><subfield code="t">non-US bib date1 &lt; 1896</subfield></datafield></record></collection>